<marc:record xmlns:marc="http://www.loc.gov/MARC21/slim"><marc:leader>00673nam a22001810a 45 0</marc:leader><marc:controlfield tag="001">307181</marc:controlfield><marc:controlfield tag="003">NL-AMISG</marc:controlfield><marc:controlfield tag="005">20000516150335.0</marc:controlfield><marc:controlfield tag="008">200005suuuuuuuu||||||||||||||||||||||| d</marc:controlfield><marc:datafield ind1=" " ind2=" " tag="035"><marc:subfield code="a">(IISG)IISGb10048231</marc:subfield></marc:datafield><marc:datafield ind1=" " ind2=" " tag="040"><marc:subfield code="a">NL-AmISG</marc:subfield></marc:datafield><marc:datafield ind1="1" ind2=" " tag="100"><marc:subfield code="a">Besselaar, M.J.</marc:subfield></marc:datafield><marc:datafield ind1="1" ind2="0" tag="245"><marc:subfield code="a">Eed en eedsdwang. Pro: M.J. Besselaar. Contra: K. Vos.</marc:subfield></marc:datafield><marc:datafield ind1=" " ind2=" " tag="260"><marc:subfield code="a">Baarn :</marc:subfield><marc:subfield code="b">Hollandia-drukkerij,</marc:subfield><marc:subfield code="c">1910.</marc:subfield></marc:datafield><marc:datafield ind1=" " ind2=" " tag="300"><marc:subfield code="a">32 p.</marc:subfield></marc:datafield><marc:datafield ind1=" " ind2=" " tag="500"><marc:subfield code="a">(Bundel).</marc:subfield></marc:datafield><marc:datafield ind1=" " ind2=" " tag="690"><marc:subfield code="a">N 375</marc:subfield><marc:subfield code="b">Netherlands; cultural history; general; general surveys</marc:subfield><marc:subfield code="c">Nederland; kultuurgeschiedenis, kerkgeschiedenis en godsdienstgeschiedenis; kultuurgeschiedenis; algemeen overzicht; algemeen.</marc:subfield></marc:datafield><marc:datafield ind1="1" ind2=" " tag="700"><marc:subfield code="a">Vos, K.</marc:subfield></marc:datafield><marc:datafield ind1=" " ind2="0" tag="830"><marc:subfield code="a">Pro en contra : betreffende vraagstukken van algemeen belang : serie 6 ;</marc:subfield><marc:subfield code="v">no.1.</marc:subfield></marc:datafield><marc:datafield ind1=" " ind2=" " tag="852"><marc:subfield code="a">IISG</marc:subfield><marc:subfield code="b">IISG</marc:subfield><marc:subfield code="c">IISG</marc:subfield><marc:subfield code="j">N 375/2 E</marc:subfield><marc:subfield code="p">N10047739</marc:subfield></marc:datafield><marc:datafield ind1=" " ind2=" " tag="901"><marc:subfield code="a">307181</marc:subfield><marc:subfield code="b">Unknown</marc:subfield><marc:subfield code="c">307181</marc:subfield><marc:subfield code="t">biblio</marc:subfield></marc:datafield><marc:datafield ind1=" " ind2=" " tag="902"><marc:subfield code="a">10622/85859E19-5168-4333-A582-63876BAF41C7</marc:subfield></marc:datafield></marc:record>